@techreport{local:DOsualdo:12B,
    author      = {E. D'Osualdo and J. Kochems and C.-H. L. Ong},
    title       = {Soter: An Automatic Safety Verifier for {E}rlang},
    institution = {University of Oxford DCS Technical Report},
    note        = {\url{http://mjolnir.cs.ox.ac.uk/soter/papers/soter-demo.pdf}},
    year        = 2012,
}

@techreport{local:DOsualdo:12A,
    author      = {E. D'Osualdo and J. Kochems and C.-H. L. Ong},
    title       = {Automatic Verification of {Erlang}-Style Concurrency},
    institution = {University of Oxford DCS Technical Report},
    note        = {\url{http://mjolnir.cs.ox.ac.uk/soter/papers/erlang-verif.pdf}},
    year        = 2012,
}

@article{local:DBLP:journals/corr/abs-1109-4467,
  author    = {David Van{ }Horn and
               Matthew Might},
  title     = {An Analytic Framework for {JavaScript}},
  journal   = {CoRR},
  volume    = {abs/1109.4467},
  year      = {2011},
  ee        = {http://arxiv.org/abs/1109.4467},
  bibsource = {DBLP, http://dblp.uni-trier.de}
}

@misc{local:harvard,
  author = {Greg Morrisett},
  title = {Harvard University course CS252r: Advanced Functional Language Compilation},
  note = {\url{http://www.eecs.harvard.edu/~greg/cs252rfa12/}}
}

@techreport{local:dalvik,
  author = {Matthew Might and David Van{ }Horn},
  title = {Scalable and Precise Abstractions of Programs for Trustworthy Software},
  year = {2012}
}